% Book describing basics of MS, used in Background.
@BOOK{
    fund_contemp_MS_book,
    author={Dass, Chhabil},
    title={Fundamentals of Contemporary Mass Spectrometry},
    year={2006},
    publisher={Wiley},
    url={http://ba333.free.fr/khira/Fundamentals\%20Of\%20Contemporary\%20Mass\%20Spectrometry\%20-\%20Wiley\%20(2007).pdf}
}

% Analytical Chemistry : The history of Mass Spectrometry
@ARTICLE{  
    history_of_ms_anal_chem,
    author = {Griffiths, Jennifer},
    title = {A Brief History of Mass Spectrometry},
    journal = {Analytical Chemistry},
    volume = {80},
    number = {15},
    pages = {5678-5683},
    year = {2008},
    doi = {10.1021/ac8013065},
    note ={PMID: 18671338},
    URL = {https://doi.org/10.1021/ac8013065},
    eprint = {https://doi.org/10.1021/ac8013065}
}

% imzML main website with documentation and datasets
@ONLINE{imzml.org,
    author={MS Imaging},
    title={imzML – a common data format for MS imaging},
    url={http://imzml.org/wp/imzml/},
    urldate={2018-09-11}
}

% Book principles and applications of MS, used in background.
@BOOK{
    mass_spect_principles_applications_book,
    author={Edmond de Hoffmann and Vincent Stroobant},
    title={Mass Spectrometry, Principles and Applications},
    year={2007},
    edition={3},
    publisher={Wiley},
    url={http://www.usp.br/massa/2014/qfl2144/pdf/MassSpectrometry.pdf}
}

% imzML - a Common Format article about imzML files.
@ARTICLE{
    imzml_file_article,
    author = {Schramm, Thorsten and Hester, Zoë and Klinkert, Ivo and Both, Jean-Pierre and Heeren, Ron and Brunelle, Alain and Laprévote, Olivier and Desbenoit, Nicolas and Robbe, Marie-France and Stoeckli, Markus and Spengler, Bernhard and Römpp, Andreas},
    year = {2012},
    month = {07},
    pages = {5106-10},
    title = {imzML – A Common Data Format for the Flexible Exchange and Processing of Mass Spectrometry Imaging Data},
    volume = {75},
    booktitle = {Journal of proteomics}
}

% KNIME basic information article
@ARTICLE{
    KNIME_Basic_info,
    author = {Berthold, Michael R. and Cebron, Nicolas and Dill, Fabian and Gabriel, Thomas R. and K\"{o}tter, Tobias and Meinl, Thorsten and Ohl, Peter and Thiel, Kilian and Wiswedel, Bernd},
    title = {KNIME - the Konstanz Information Miner: Version 2.0 and Beyond},
    journal = {SIGKDD Explor. Newsl.},
    issue_date = {June 2009},
    volume = {11},
    number = {1},
    month = nov,
    year = {2009},
    issn = {1931-0145},
    pages = {26--31},
    numpages = {6},
    url = {http://doi.acm.org/10.1145/1656274.1656280},
    doi = {10.1145/1656274.1656280},
    acmid = {1656280},
    publisher = {ACM},
    address = {New York, NY, USA},
} 

% URL of KNIME API
@ONLINE{
    KNIME_API_URL,
    author={KNIME},
    title={KNIME API},
    url={https://www.knime.com/docs/api/index.html},
    urldate={2018-09-13}
}

% KNIME Noding guidelines found in the KNIME website
@ONLINE{
    KNIME_Noding_Guidelines,
    author={KNIME},
    title={KNIME Noding Guidelines V2.5 - November 2015},
    url={https://www.knime.com/sites/default/files/inline-images/noding_guidelines.pdf},
    urldate={2018-09-17}
}

% imzML Converter must cite if we use this work
@ARTICLE{
    imzMLConverter_article,
    author = {Alan M. Race, Iain B. Styles, Josephine Bunch},
    title = {Inclusive sharing of mass spectrometry imaging data requires a converter for all},
    journal = {Journal of Proteomics},
    issue_date = {30 August 2012},
    volume = {75},
    number = {16},
    month = {august},
    year = {2012},
    pages = {5111-5112},
    numpages = {2},
    url = {http://dx.doi.org/10.1016/j.jprot.2012.05.035}
}

% Flanagan Jar for Savitzky Golay Smoothing
@ONLINE{
    flanagan_jar_savitzky_golay,
    author={Michael T Flanagan},
    title={Michael Thomas Flanagan's Java Scientific Library},
    url={https://www.ee.ucl.ac.uk/~mflanaga/},
    urldate={2018-09-19},
}

% Article which has the equation for a Mass Spectrum.
@ARTICLE{
    spectrum_equation_MS,
    title={Mass Spectrometry Data Analysis: it's all in the preprocessing},
    author={Ruben Armananzas, Yvan Saeys, Inaki Inza, Miguel Garcia-Torres},
    url={http://www.sc.ehu.es/ccwbayes/members/ruben/BBC08-A4.pdf},
    urldate={2018-09-19}
}

% ALAN RACE THESIS : IMPORTANT
@THESIS{
    alan_race_phd_thesis,
    author={Alan M. Race},
    title={Investigation and Interpretation of Large Mass Spectrometry Imaging Datasets},
    type={phdthesis},
    institution={University of Birmingham},
    year={2016},
    url={http://etheses.bham.ac.uk/6718/1/Race16PhD.pdf}
}

% Paper describing mathematical morphology and baseline subtraction in MS.
@ARTICLE{
    baseline_morphology_paper,
    author="Stanford, Tyman E.
    and Bagley, Christopher J.
    and Solomon, Patty J.",
    title="Informed baseline subtraction of proteomic mass spectrometry data aided by a novel sliding window algorithm",
    journal="Proteome Science",
    year="2016",
    month="Dec",
    day="07",
    volume="14",
    number="1",
    pages="19",
    abstract="Proteomic matrix-assisted laser desorption/ionisation (MALDI) linear time-of-flight (TOF) mass spectrometry (MS) may be used to produce protein profiles from biological samples with the aim of discovering biomarkers for disease. However, the raw protein profiles suffer from several sources of bias or systematic variation which need to be removed via pre-processing before meaningful downstream analysis of the data can be undertaken. Baseline subtraction, an early pre-processing step that removes the non-peptide signal from the spectra, is complicated by the following: (i) each spectrum has, on average, wider peaks for peptides with higher mass-to-charge ratios (m/z), and (ii) the time-consuming and error-prone trial-and-error process for optimising the baseline subtraction input arguments. With reference to the aforementioned complications, we present an automated pipeline that includes (i) a novel `continuous' line segment algorithm that efficiently operates over data with a transformed m/z-axis to remove the relationship between peptide mass and peak width, and (ii) an input-free algorithm to estimate peak widths on the transformed m/z scale.",
    issn="1477-5956",
    doi="10.1186/s12953-016-0107-8",
    url="https://doi.org/10.1186/s12953-016-0107-8"
}

% Raman spectroscopy optimal tophat baseline subtraction
@ARTICLE{
    baseline_raman_morphology_optimal_tophat,
    title={Morphology-based automated baseline removal for Raman spectra of artistic pigments},
    author={Perez-Pueyo, Rosanna and Soneira, Maria Jose and Ruiz-Moreno, Sergio},
    journal={Applied spectroscopy},
    volume={64},
    number={6},
    pages={595--600},
    year={2010},
    publisher={SAGE Publications Sage UK: London, England}
}

% Article about mean and basepeak spectrum and spectral representations.
@ARTICLE{
    msi_data_spectral_representations,
    title={Imaging mass spectrometry data reduction: automated feature identification and extraction},
    author={McDonnell, Liam A and Van Remoortere, Alexandra and De Velde, Nico and Van Zeijl, Rene JM and Deeldera, Andr{\'e} M},
    journal={Journal of the American Society for Mass Spectrometry},
    volume={21},
    number={12},
    pages={1969--1978},
    year={2010},
    publisher={Springer}
}

% Combine raman spectroscopy and mass spectrometry paper.
@ARTICLE{
    combine_raman_spectroscopy_ms,
    title={Combination of Raman spectroscopy and mass spectrometry for online chemical analysis},
    author={Meher, Anil Kumar and Chen, Yu-Chie},
    journal={Analytical chemistry},
    volume={88},
    number={18},
    pages={9151--9157},
    year={2016},
    publisher={ACS Publications}
}

% Spectral analysis paper.
@ARTICLE{
    spectral_analysis_article,
    title={SpectralAnalysis: software for the masses},
    author={Race, Alan M and Palmer, Andrew D and Dexter, Alex and Steven, Rory T and Styles, Iain B and Bunch, Josephine},
    journal={Analytical chemistry},
    volume={88},
    number={19},
    pages={9451--9458},
    year={2016},
    publisher={ACS Publications}
}

% Article about mean and basepeak spectrum.
@ARTICLE{
    mean_basepeak_spectrum_MSI,
    title={Imaging mass spectrometry data reduction: automated feature identification and extraction},
    author={McDonnell, Liam A and Van Remoortere, Alexandra and De Velde, Nico and Van Zeijl, Rene JM and Deeldera, Andr{\'e} M},
    journal={Journal of the American Society for Mass Spectrometry},
    volume={21},
    number={12},
    pages={1969--1978},
    year={2010},
    publisher={Springer}
}

% Normalized Cuts algorithm
@ARTICLE{
    normalized_cuts_algorithm,
    title={Normalized cuts and image segmentation},
    author={Shi, Jianbo and Malik, Jitendra},
    journal={IEEE Transactions on pattern analysis and machine intelligence},
    volume={22},
    number={8},
    pages={888--905},
    year={2000},
    publisher={Ieee}
}

% MSI Quant paper
@article{
    MSI_QUANT_Article,
    title={MsIQuant--quantitation software for mass spectrometry imaging enabling fast access, visualization, and analysis of large data sets},
    author={Källback, Patrik and Nilsson, Anna and Shariatgorji, Mohammadreza and Andrén, Per E},
    journal={Analytical chemistry},
    volume={88},
    number={8},
    pages={4346--4353},
    year={2016},
    publisher={ACS Publications}
}

% Savitzky-Golay Smoothing Lecture Notes
@article{
    savitzky-golay-lecture-notes,
    title={What is a Savitzky-Golay filter?[lecture notes]},
    author={Schafer, Ronald W},
    journal={IEEE Signal processing magazine},
    volume={28},
    number={4},
    pages={111--117},
    year={2011},
    publisher={IEEE}
}

% Savitzky- Golay filter
@misc{
    sav_golay_top10,
    title={Top 10 Articles.},
    author={Riordon, James and Zubritsky, Elizabeth and Newman, Alan},
    year={2000},
    publisher={ACS Publications}
}

% Clustering
@ARTICLE{
    clustering_msi,
    title={Applications of Clustering Algorithms in the Analysis of
Mass Spectrometry Data},
    author={Daniel Ramsay},
    url={http://www.dcs.gla.ac.uk/~srogers/files/projects/MSci_project_2031365.pdf}
}

%imglib2
@article{
    imglib2,
  title={ImgLib2—generic image processing in Java},
  author={Pietzsch, Tobias and Preibisch, Stephan and Toman{\v{c}}{\'a}k, Pavel and Saalfeld, Stephan},
  journal={Bioinformatics},
  volume={28},
  number={22},
  pages={3009--3011},
  year={2012},
  publisher={Oxford University Press}
}

%Chazal
@article{
    chazal2013persistence,
  title={Persistence-based clustering in riemannian manifolds},
  author={Chazal, Fr{\'e}d{\'e}ric and Guibas, Leonidas J and Oudot, Steve Y and Skraba, Primoz},
  journal={Journal of the ACM (JACM)},
  volume={60},
  number={6},
  pages={41},
  year={2013},
  publisher={ACM}
}


%--------------------------------------------------------------------
% UNUSED REFERENCES MAYBE USEFUL. (UNADDED TO .bib PROPERLY YET)
%--------------------------------------------------------------------
% 
% 1)
% Quantitative Mass Spectrometry : An overview.
% https://www.ncbi.nlm.nih.gov/pmc/articles/PMC5031646/pdf/rsta20150382.pdf
%
% 2)
%